@article{ref_1,
  author  = "An√≥nimo",
  year    = 2012
}

@article{ref_2,
  author  = "http://www.yourlocalcinema.com/wall-e.html",
  year    = 2012
}